<record><leader>00000cas a2200000 i 4500</leader><controlfield tag="001">935363765</controlfield><controlfield tag="006">m     o  d        </controlfield><controlfield tag="007">cr |||||||||||</controlfield><controlfield tag="008">160120d18901977mtuwr neo     0   a0eng  </controlfield><datafield ind1=" " ind2=" " tag="010"><subfield code="a">  2015270786</subfield></datafield><datafield ind1=" " ind2=" " tag="040"><subfield code="a">DLC</subfield><subfield code="b">eng</subfield><subfield code="e">rda</subfield><subfield code="c">DLC</subfield><subfield code="d">OCLCF</subfield></datafield><datafield ind1="0" ind2=" " tag="022"><subfield code="a">2470-4350</subfield><subfield code="2">1</subfield></datafield><datafield ind1=" " ind2=" " tag="042"><subfield code="a">pcc</subfield><subfield code="a">nsdp</subfield></datafield><datafield ind1=" " ind2=" " tag="043"><subfield code="a">n-us-mt</subfield></datafield><datafield ind1="1" ind2="0" tag="050"><subfield code="a">ISSN RECORD</subfield></datafield><datafield ind1="1" ind2="0" tag="082"><subfield code="a">071</subfield><subfield code="2">23</subfield></datafield><datafield ind1="0" ind2=" " tag="130"><subfield code="a">Western news (Hamilton, Mont.)</subfield></datafield><datafield ind1=" " ind2="4" tag="222"><subfield code="a">The western news</subfield><subfield code="b">(Hamilton, Mont. Online)</subfield></datafield><datafield ind1="1" ind2="4" tag="245"><subfield code="a">The Western news.</subfield></datafield><datafield ind1=" " ind2="1" tag="264"><subfield code="a">Hamilton, Montana :</subfield><subfield code="b">[publisher not identified]</subfield></datafield><datafield ind1=" " ind2=" " tag="300"><subfield code="a">1 online resource</subfield></datafield><datafield ind1=" " ind2=" " tag="310"><subfield code="a">Weekly,</subfield><subfield code="b">Nov. 10, 1916-Feb. 24, 1977</subfield></datafield><datafield ind1=" " ind2=" " tag="321"><subfield code="a">Weekly,</subfield><subfield code="b">1890-Aug. 2, 1910</subfield></datafield><datafield ind1=" " ind2=" " tag="321"><subfield code="a">Semiweekly,</subfield><subfield code="b">Aug. 9, 1910-Nov. 3, 1916</subfield></datafield><datafield ind1=" " ind2=" " tag="336"><subfield code="a">text</subfield><subfield code="b">txt</subfield><subfield code="2">rdacontent</subfield></datafield><datafield ind1=" " ind2=" " tag="337"><subfield code="a">computer</subfield><subfield code="b">c</subfield><subfield code="2">rdamedia</subfield></datafield><datafield ind1=" " ind2=" " tag="338"><subfield code="a">online resource</subfield><subfield code="b">cr</subfield><subfield code="2">rdacarrier</subfield></datafield><datafield ind1="1" ind2=" " tag="362"><subfield code="a">Began in November 1890; ceased February 24, 1977.</subfield></datafield><datafield ind1=" " ind2=" " tag="500"><subfield code="a">"A progressive newspaper."</subfield></datafield><datafield ind1=" " ind2=" " tag="500"><subfield code="a">"Official organ of the Democratic Party in the county." Cf. Progressive men of the State of Montana.</subfield></datafield><datafield ind1=" " ind2=" " tag="500"><subfield code="a">"Vigorously anti-[Anaconda] Company." Cf. Karlin, J.A. Joseph M. Dixon of Montana.</subfield></datafield><datafield ind1=" " ind2=" " tag="500"><subfield code="a">Place of publication varies: published in Stevensville until Aug. 9, 1893 when it moved to Hamilton.</subfield></datafield><datafield ind1=" " ind2=" " tag="588"><subfield code="a">Description based on: Volume XI, number 9 (January 3, 1900); title from masthead (Chroniclingamerica.loc.gov, viewed January 20, 2016).</subfield></datafield><datafield ind1=" " ind2=" " tag="588"><subfield code="a">Latest issue consulted: Vol. XXI, no. 16 (December 30, 1910) (Chroniclingamerica.loc.gov, viewed January 20, 2016).</subfield></datafield><datafield ind1=" " ind2="0" tag="651"><subfield code="a">Stevensville (Mont.)</subfield><subfield code="v">Newspapers.</subfield></datafield><datafield ind1=" " ind2="0" tag="651"><subfield code="a">Hamilton (Ravalli County, Mont.)</subfield><subfield code="v">Newspapers.</subfield></datafield><datafield ind1=" " ind2="7" tag="655"><subfield code="a">Newspapers.</subfield><subfield code="2">fast</subfield><subfield code="0">(OCoLC)fst01423814</subfield></datafield><datafield ind1=" " ind2="7" tag="651"><subfield code="a">Montana</subfield><subfield code="z">Hamilton (Ravalli County)</subfield><subfield code="2">fast</subfield><subfield code="0">(OCoLC)fst01313107</subfield></datafield><datafield ind1=" " ind2="7" tag="651"><subfield code="a">Montana</subfield><subfield code="z">Stevensville.</subfield><subfield code="2">fast</subfield><subfield code="0">(OCoLC)fst01224919</subfield></datafield><datafield ind1=" " ind2=" " tag="752"><subfield code="a">United States</subfield><subfield code="b">Montana</subfield><subfield code="c">Ravalli</subfield><subfield code="d">Hamilton.</subfield></datafield><datafield ind1=" " ind2=" " tag="752"><subfield code="a">United States</subfield><subfield code="b">Montana</subfield><subfield code="c">Ravalli</subfield><subfield code="d">Stevensville.</subfield></datafield><datafield ind1="0" ind2="8" tag="776"><subfield code="i">Originally issued in print:</subfield><subfield code="t">Western news (Hamilton, Mont.)</subfield><subfield code="x">2470-4342</subfield><subfield code="w">(DLC)sn 84036207</subfield><subfield code="w">(OCoLC)11267479</subfield></datafield><datafield ind1="0" ind2="5" tag="780"><subfield code="t">Darby dispatch</subfield><subfield code="g">July 1925</subfield></datafield><datafield ind1="0" ind2="4" tag="785"><subfield code="t">Ravalli republican</subfield><subfield code="g">Feb. 1977</subfield></datafield><datafield ind1="4" ind2="0" tag="856"><subfield code="u">http://www.loc.gov/chroniclingamerica/lccn/sn84036207/issues</subfield></datafield></record>